@manual{s71200manual2012,
 author = {Siemens},
 title = {S7-1200 Programmable controller},
 year = {2015},
 isbn = {A5E02486774-AG},
 publisher = {Siemens},
} 

@manual{mastertool2009,
 author = {Altus},
 title = {Manual de Utilização do MasterTool IEC},
 year = {2009},
 revision = {A},
 isbn = {MU299606},
 publisher = {Altus},
} 

@manual{factoryio,
 author = {RealGames},
 year = {2021},
 title = {Factory I/O documentation},
 DOI = "https://docs.factoryio.com/",
 publisher = {Real Games},
} 

@manual{plcsim,
 author = {Siemens},
 year = {-},
 isbn = {C79000-G7076-C201},
 title = {Testing Your S7 Programs withS7-PLCSIM},
 publisher = {Siemens},
} 